% This file was created with Citavi 6.17.0.0

@inproceedings{Adams21precision,
  author    = {Adams, Jan Niklas and van der Aalst, Wil M. P.},
  title     = {Precision and Fitness in Object-Centric Process Mining},
  pages     = {128--135},
  year      = {2021},
  booktitle = {ICPM},
  doi       = {10.1109/ICPM53251.2021.9576886},
  address   = {Eindhoven, The Netherlands}
}


@inproceedings{Adams22defining,
  author    = {Adams, Jan Niklas and Schuster, Daniel and Schmitz, Seth and Schuh, Günther and van der Aalst, Wil M. P.},
  title     = {Defining Cases and Variants for Object-Centric Event Data},
  pages     = {128--135},
  year      = {2022},
  booktitle = {ICPM},
  doi       = {10.1109/ICPM57379.2022.9980730},
  address   = {Bolzano, Italy}
}


@inproceedings{Adams22oc,
  author    = {Adams, Jan Niklas and van der Aalst, Wil M. P.},
  title     = {OC{\$}{\$}\pi {\$}{\$}: Object-Centric Process Insights},
  pages     = {139--150},
  year      = {2022},
  booktitle = {PETRI NETS},
  doi       = {10.1007/978-3-031-06653-5_8},
  address   = {Bergen, Norway}
}


@article{Adams22ocpa,
  author  = {Adams, Jan Niklas and Park, Gyunam and van der Aalst, Wil M. P.},
  year    = {2022},
  title   = {ocpa: A Python library for object-centric process analysis},
  pages   = {100438},
  journal = {Software Impacts},
  volume  = {14},
  doi     = {10.1016/j.simpa.2022.100438}
}


@inproceedings{Adams23addressing,
  author    = {Adams, Jan Niklas and van der Aalst, Wil M. P.},
  title     = {Addressing Convergence, Divergence, and Deficiency Issues},
  pages     = {496--507},
  year      = {2023},
  booktitle = {BPM Workshops},
  doi       = {10.1007/978-3-031-50974-2_37},
  address   = {Utrecht, The Netherlands}
}


@article{Adams23preserving,
  author  = {Adams, Jan Niklas and Park, Gyunam and van der Aalst, Wil M. P.},
  year    = {2023},
  title   = {Preserving complex object-centric graph structures to improve machine learning tasks in process mining},
  pages   = {106764},
  journal = {Engineering Applications of Artificial Intelligence},
  volume  = {125},
  doi     = {10.1016/j.engappai.2023.106764}
}


@article{Ahmad19sustainability,
  author  = {Ahmad, Shamraiz and Wong, Kuan Yew and Rajoo, Srithar},
  year    = {2019},
  title   = {Sustainability indicators for manufacturing sectors: A literature survey and maturity analysis from the tripple-bottom line perspective},
  pages   = {312--334},
  journal = {Journal of Manufacturing Technology Management},
  volume  = {30},
  number  = {2},
  doi     = {10.1108/JMTM-03-2018-0091}
}


@article{Allami23sustainability,
  author  = {Al-lami, Ammar and Torok, Adam},
  year    = {2023},
  title   = {Sustainability Indicators of Surface Public Transportation},
  pages   = {15289},
  journal = {Sustainability},
  volume  = {15},
  number  = {21},
  doi     = {10.3390/su152115289}
}


@article{Amiruddin21case,
  author  = {Amiruddin, Siti Zubaidah and Hishamuddin, Hawa and Darom, Noraida Azura and Naimin, Hilmi Hisyam},
  year    = {2021},
  title   = {A Case Study of Carbon Emissions from Logistic Activities During Supply Chain Disruptions},
  pages   = {221--228},
  journal = {Jurnal Kejuruteraan},
  volume  = {33},
  number  = {2},
  doi     = {10.17576/jkukm-2021-33(2)-07}
}


@www{angularCommits,
  year   = {2023},
  title  = {Angular GitHub Commits Object-centric Event Log},
  doi    = {10.5281/zenodo.8430332},
  author = {Pegoraro, Marco and van der Aalst, Wil M. P.}
}


@unpublished{arviem17white,
  author = {arviem},
  date   = {2017},
  title  = {White Paper: Reducing a Company’s Carbon Footprint Through Logistics Optimization: The next 'Big Thing' for your supply chain},
  year   = {2017}
}


@incollection{Badurdeen13sustainable,
  author    = {Badurdeen, Fazleena and Shuaib, Mohannad A. and Lu, Tao and Jawahir, I. S.},
  title     = {Sustainable Value Creation in Manufacturing at Product and Process Levels: A Metrics-Based Evaluation},
  pages     = {1--28},
  publisher = {{Springer London}},
  booktitle = {Handbook of Manufacturing Engineering and Technology},
  year      = {2013},
  address   = {London},
  doi       = {10.1007/978-1-4471-4976-7_52-1}
}


@article{Berti23analyzing,
  author  = {Berti, Alessandro and Jessen, Urszula and Park, Gyunam and Rafiei, Majid and van der Aalst, Wil M. P.},
  year    = {2023},
  title   = {Analyzing interconnected processes: using object-centric process mining to analyze procurement processes},
  journal = {International Journal of Data Science and Analytics},
  doi     = {10.1007/s41060-023-00427-3}
}


@article{Berti23graph,
  author  = {Berti, Alessandro and Herforth, Johannes and Qafari, Mahnaz Sadat and van der Aalst, Wil M. P.},
  year    = {2023},
  title   = {Graph-based feature extraction on object-centric event logs},
  journal = {International Journal of Data Science and Analytics},
  doi     = {10.1007/s41060-023-00428-2}
}


@article{Berti23pm4py,
  author  = {Berti, Alessandro and {van Zelst}, Sebastiaan J. and Schuster, Daniel},
  year    = {2023},
  title   = {PM4Py: A process mining library for Python},
  pages   = {100556},
  journal = {Software Impacts},
  volume  = {17},
  doi     = {10.1016/j.simpa.2023.100556}
}


@book{book:Agarwal22recent,
  year      = {2022},
  title     = {Recent Advances in Manufacturing Engineering and Processes},
  address   = {Singapore},
  publisher = {{Springer Singapore}},
  editor    = {Agarwal, Ramesh K.}
}


@book{book:Dibbern22digitalization,
  year      = {2022},
  title     = {Digitalization Across Organizational Levels: New Frontiers for Information Systems Research},
  address   = {Cham},
  publisher = {{Springer International Publishing}},
  editor    = {Dibbern, Jens and Förderer, Jens and Kude, Thomas and Rothlauf, Franz and Spohrer, Kai}
}


@book{book:Jezic21agents,
  year      = {2021},
  title     = {Agents and Multi-Agent Systems: Technologies and Applications 2021},
  address   = {Singapore},
  publisher = {{Springer Singapore}},
  editor    = {Jezic, G. and Chen-Burger, J. and Kusek, M. and Sperka, R. and Howlett, R. J. and Jain, Lakhmi C.}
}


@book{book:Kabashkin18reliability,
  year      = {2018},
  title     = {Reliability and Statistics in Transportation and Communication},
  address   = {Cham},
  publisher = {{Springer International Publishing}},
  editor    = {Kabashkin, Igor and Yatskiv, Irina and Prentkovskis, Olegas}
}


@book{book:Nee13handbook,
  year      = {2013},
  title     = {Handbook of Manufacturing Engineering and Technology},
  address   = {London},
  publisher = {{Springer London}},
  editor    = {Nee, Andrew}
}


@book{book:Reisig19carl,
  year      = {2019},
  title     = {Carl Adam Petri: Ideas, Personality, Impact},
  address   = {Cham},
  publisher = {{Springer International Publishing}},
  editor    = {Reisig, Wolfgang and Rozenberg, Grzegorz}
}


@book{book:vanderAalst22process,
  year      = {2022},
  title     = {Process Mining Handbook},
  address   = {Cham},
  publisher = {{Springer International Publishing}},
  editor    = {van der Aalst, Wil M. P. and Carmona, Josep}
}


@book{book:vomBrocke12green,
  year      = {2012},
  title     = {Green Business Process Management},
  address   = {Berlin, Heidelberg},
  publisher = {Springer},
  editor    = {{vom Brocke}, Jan and Seidel, Stefan and Recker, Jan}
}


@incollection{Brehm22process,
  author    = {Brehm, Lars and Slamka, Jessica and Nickmann, Andreas},
  title     = {Process Mining for Carbon Accounting: An Analysis of Requirements and Potentials},
  pages     = {209--244},
  publisher = {{Springer International Publishing}},
  series    = {Progress in IS},
  booktitle = {Digitalization Across Organizational Levels: New Frontiers for Information Systems Research},
  year      = {2022},
  address   = {Cham},
  doi       = {10.1007/978-3-031-06543-9_9}
}


@article{Cao19spatiotemporal,
  author  = {Cao, Xiaoshu and OuYang, Shishu and Liu, Dan and Yang, Wenyue},
  year    = {2019},
  title   = {Spatiotemporal Patterns and Decomposition Analysis of CO2 Emissions from Transportation in the Pearl River Delta},
  pages   = {2171},
  journal = {Energies},
  volume  = {12},
  number  = {11},
  doi     = {10.3390/en12112171}
}


@misc{CelonisFreight22,
  author       = {Berzl, Andreas},
  year         = {2022},
  title        = {Building a product to reduce emissions with every process step},
  url          = {https://www.celonis.com/blog/building-a-product-to-reduce-emissions-with-every-process-step/},
  organization = {{Celonis SE}},
  note         = {Accessed: Sep 11th, 2024}
}


@misc{CelonisMaterial23,
  author = {{Celonis SE}},
  year   = {2023},
  title  = {Celonis’ New Material Emissions App Uses the Power of Process Intelligence to Simplify Scope 3 Reporting},
  url    = {https://www.celonis.com/press/celonis-new-material-emissions-app-uses-the-power-of-process-intelligence-to-simplify-scope-3-reporting/},
  note   = {Accessed: Sep 11th, 2024}
}


@unpublished{Chaturvedi24celonis,
  author = {Chaturvedi, Ashish},
  date   = {2024},
  title  = {Celonis’ object-centric approach drives smarter decisions up and down the supply chain},
  year   = {2024},
  note   = {Citation policy: https://www.hfsresearch.com/wp-content/uploads/pdf/CITATION-POLICY{\_}060819.pdf}
}


@misc{climatiq24,
  year      = {2024},
  title     = {climatiq - API for Carbon Footprint Calculations},
  url       = {https://www.climatiq.io},
  publisher = {{Climatiq Technologies GmbH}}
}


@proceedings{conf:ACIS11,
  year  = {2011},
  title = {22nd Australasian Conference on Information Systems}
}


@proceedings{conf:ACIS13,
  year  = {2013},
  title = {24th Australasian Conference on Information Systems}
}


@proceedings{conf:BPMForum23,
  year      = {2023},
  title     = {Business Process Management Forum},
  address   = {Cham},
  volume    = {490},
  publisher = {{Springer Nature Switzerland}},
  editor    = {{Di Francescomarino}, Chiara and Burattin, Andrea and Janiesch, Christian and Sadiq, Shazia}
}


@proceedings{conf:BPMForum24,
  year      = {2024},
  title     = {Business Process Management Forum},
  address   = {Cham},
  publisher = {{Springer Nature Switzerland}},
  editor    = {Marrella, Andrea and Resinas, Manuel and Jans, Mieke and Rosemann, Michael}
}


@proceedings{conf:BPMWorkshops10,
  year      = {2010},
  title     = {Business Process Management Workshops},
  address   = {Berlin, Heidelberg},
  volume    = {66},
  publisher = {Springer},
  editor    = {{zur Muehlen}, Michael and Su, Jianwen}
}


@proceedings{conf:BPMWorkshops23,
  year      = {2023},
  title     = {Business Process Management Workshops},
  address   = {Cham},
  volume    = {492},
  publisher = {{Springer Nature Switzerland}},
  editor    = {{de Weerdt}, Jochen and Pufahl, Luise}
}


@proceedings{conf:ECOOP14,
  year      = {2014},
  title     = {ECOOP 2014 – Object-Oriented Programming},
  address   = {Berlin, Heidelberg},
  publisher = {{Springer Berlin Heidelberg}},
  editor    = {Hutchison, David and Kanade, Takeo and Kittler, Josef and Kleinberg, Jon M. and Kobsa, Alfred and Mattern, Friedemann and Mitchell, John C. and Naor, Moni and Nierstrasz, Oscar and {Pandu Rangan}, C. and Steffen, Bernhard and Terzopoulos, Demetri and Tygar, Doug and Weikum, Gerhard and Jones, Richard}
}


@proceedings{conf:EMMSAD22,
  year      = {2022},
  title     = {Enterprise, Business-Process and Information Systems Modeling},
  address   = {Cham},
  volume    = {450},
  publisher = {{Springer International Publishing}},
  editor    = {Augusto, Adriano and Gill, Asif and Bork, Dominik and Nurcan, Selmin and Reinhartz-Berger, Iris and Schmidt, Rainer}
}


@proceedings{conf:ER22,
  year      = {2022},
  title     = {Conceptual Modeling},
  address   = {Cham},
  volume    = {13607},
  publisher = {{Springer International Publishing}},
  editor    = {Ralyté, Jolita and Chakravarthy, Sharma and Mohania, Mukesh and Jeusfeld, Manfred A. and Karlapalem, Kamalakar}
}


@proceedings{conf:GbRPR01,
  year      = {2001},
  title     = {Graph-based representations in pattern recognition, GbR 2001: Proceedings of the 3rd IAPR-TC15 workshop, Ischia, Italy, May 23-25, 2001},
  address   = {Napoli},
  publisher = {C.U.E.N},
  editor    = {Kropatsch, Walter and Vento, Mario and Jolion, Jean Michel}
}


@proceedings{conf:ICPM21,
  year      = {2021},
  title     = {2021 3rd International Conference on Process Mining},
  address   = {Piscataway, NJ},
  publisher = {IEEE},
  editor    = {{Di Ciccio}, Claudio and {Di Francescomarino}, Chiara and Soffer, Pnina}
}


@proceedings{conf:ICPM22,
  year        = {2022},
  title       = {2022 4th International Conference on Process Mining},
  address     = {Piscataway, NJ, USA},
  publisher   = {IEEE},
  editor      = {Burattin, Andrea},
  institution = {{IEEE Computational Intelligence Society} and {Freie Universität Bozen}}
}


@proceedings{conf:ICT4S23,
  year      = {2023},
  title     = {2023 International Conference on ICT for Sustainability (ICT4S)},
  publisher = {IEEE}
}


@proceedings{conf:PETRINETS13,
  year      = {2013},
  title     = {Application and Theory of Petri Nets and Concurrency},
  address   = {Berlin, Heidelberg},
  publisher = {Springer},
  editor    = {Hutchison, David and Kanade, Takeo and Kittler, Josef and Kleinberg, Jon M. and Mattern, Friedemann and Mitchell, John C. and Naor, Moni and Nierstrasz, Oscar and {Pandu Rangan}, C. and Steffen, Bernhard and Sudan, Madhu and Terzopoulos, Demetri and Tygar, Doug and Vardi, Moshe Y. and Weikum, Gerhard and Colom, José-Manuel and Desel, Jörg}
}


@proceedings{conf:PETRINETS22,
  year      = {2022},
  title     = {Application and Theory of Petri Nets and Concurrency},
  address   = {Cham},
  volume    = {13288},
  publisher = {{Springer International Publishing}},
  editor    = {Bernardinello, Luca and Petrucci, Laure}
}


@proceedings{conf:PN4TT23,
  year        = {2023},
  title       = {Joint Proceedings of Algorithms {\&} Theories for the Analysis of Event Data 2023 and the International Workshop on Petri Nets for Twin Transition 2023},
  editor      = {Gomes, Luis and Leitão, Paulo and Lorenz, Robert and van der Werf, Jan Martijn and {van Zelst}, Sebastiaan J.},
  institution = {{IEEE Task Force on Process Mining}}
}


@proceedings{conf:SciPy08,
  year   = {2008},
  title  = {Proceedings of the 7th Python in Science Conference},
  editor = {Varoquaux, Gael and Vaught, Travis and Millman, Jarrod}
}


@proceedings{conf:SciPy10,
  year  = {2010},
  title = {9th Python in Science Conference}
}


@proceedings{conf:SEFM19,
  year      = {2019},
  title     = {Software Engineering and Formal Methods},
  address   = {Cham},
  volume    = {11724},
  publisher = {{Springer International Publishing}},
  editor    = {Ölveczky, Peter Csaba and Salaün, Gwen}
}


@proceedings{conf:TEMSCON-EUR21,
  year      = {2021},
  title     = {2021 IEEE Technology {\&} Engineering Management Conference - Europe (TEMSCON-EUR)},
  publisher = {IEEE}
}


@www{containerLogistics,
  year   = {2023},
  title  = {Container Logistics Object-centric Event Log},
  doi    = {10.5281/zenodo.8428084},
  author = {Knopp, Benedikt and Graves, Nina and van der Aalst, Wil M. P.}
}


@inproceedings{Cordella01improved,
  author    = {Cordella, Luigi P. and Foggia, Pasquale and Sansone, Carlo and Vento, Mario},
  title     = {An Improved Algorithm for Matching Large Graphs},
  year      = {2001},
  booktitle = {GbRPR},
  address   = {Ischia, Italy}
}


@article{Davis10consumption,
  author  = {Davis, Steven J. and Caldeira, Ken},
  year    = {2010},
  title   = {Consumption-based accounting of CO2 emissions},
  pages   = {5687--5692},
  journal = {Proceedings of the National Academy of Sciences of the United States of America},
  volume  = {107},
  number  = {12},
  doi     = {10.1073/pnas.0906974107}
}


@inproceedings{Delgado23adding,
  author    = {Delgado, Andrea and García, Félix and Moraga, Ma Ángeles and Calegari, Daniel and Gordillo, Alberto and Peña, Leonel},
  title     = {Adding the Sustainability Dimension in Process Mining Discovery Algorithms Evaluation},
  pages     = {163--177},
  year      = {2023},
  booktitle = {BPM Forum},
  doi       = {10.1007/978-3-031-41623-1_10},
  address   = {Utrecht, The Netherlands}
}


@article{Dente18policy,
  author  = {Dente, Sébastien M.R. and Tavasszy, Lóránt},
  year    = {2018},
  title   = {Policy oriented emission factors for road freight transport},
  pages   = {33--41},
  journal = {Transportation Research Part D: Transport and Environment},
  volume  = {61},
  doi     = {10.1016/j.trd.2017.03.021}
}


@unpublished{Dhlen23twin,
  author    = {Dæhlen, Morten},
  date      = {2023},
  title     = {The Twin Transition Century: The role of digital research for a successful green transition of society? (The Guild Insight Paper No.5)},
  publisher = {{The Guild of European Research-Intensive Universities and Bern Open Publishing}},
  year      = {2023},
  doi       = {10.48350/184458}
}


@book{DobranskyteNiskota07indicators,
  author    = {Dobranskyte-Niskota, A. and Pregl, M. and Perujo, A.},
  title     = {Indicators to assess sustainability of transport activities},
  address   = {Luxembourg},
  publisher = {{Publications Office}},
  year      = {2007}
}


@misc{ecoinvent24ecoinvent,
  author = {ecoinvent},
  year   = {2024},
  title  = {The ecoinvent database},
  url    = {https://ecoinvent.org/},
  note   = {Accessed: Sep 11th, 2024}
}


@article{Esser21multi,
  author  = {Esser, Stefan and Fahland, Dirk},
  year    = {2021},
  title   = {Multi-Dimensional Event Data in Graph Databases},
  pages   = {109--141},
  journal = {Journal on Data Semantics},
  volume  = {10},
  number  = {1-2},
  doi     = {10.1007/s13740-021-00122-1}
}


@www{EXIOBASE-zenodo,
  year   = {2021},
  title  = {EXIOBASE 3},
  doi    = {10.5281/zenodo.5589597},
  author = {Stadler, Konstantin and Wood, Richard and Bulavskaya, Tatyana and Södersten, Carl-Johan and Simas, Moana and Schmidt, Sarah and Usubiaga, Arkaitz and Acosta-Fernández, José and Kuenen, Jeroen and Bruckner, Martin and Giljum, Stefan and Lutter, Stephan and Merciai, Stefano and Schmidt, Jannick H. and Theurl, Michaela C. and Plutzar, Christoph and Kastner, Thomas and Eisenmenger, Nina and Erb, Karl-Heinz and Koning, Arjan and Tukker, Arnold}
}


@article{Facanha07evaluation,
  author  = {Facanha, Cristiano and Horvath, Arpad},
  year    = {2007},
  title   = {Evaluation of life-cycle air emission factors of freight transportation},
  pages   = {7138--7144},
  journal = {Environmental science {\&} technology},
  volume  = {41},
  number  = {20},
  doi     = {10.1021/es070989q}
}


@incollection{Fahland19petri,
  author    = {Fahland, Dirk},
  title     = {Petri’s Understanding of Nets},
  pages     = {31--36},
  publisher = {{Springer International Publishing}},
  booktitle = {Carl Adam Petri: Ideas, Personality, Impact},
  year      = {2019},
  address   = {Cham},
  doi       = {10.1007/978-3-319-96154-5_5}
}


@incollection{Fahland22process,
  author    = {Fahland, Dirk},
  title     = {Process Mining over Multiple Behavioral Dimensions with Event Knowledge Graphs},
  pages     = {274--319},
  volume    = {448},
  publisher = {{Springer International Publishing}},
  series    = {Lecture Notes in Business Information Processing},
  booktitle = {Process Mining Handbook},
  year      = {2022},
  address   = {Cham},
  doi       = {10.1007/978-3-031-08848-3_9}
}


@article{Fritsch22pathways,
  author  = {Fritsch, Andreas and von Hammerstein, Johanna and Schreiber, Clemens and Betz, Stefanie and Oberweis, Andreas},
  year    = {2022},
  title   = {Pathways to Greener Pastures: Research Opportunities to Integrate Life Cycle Assessment and Sustainable Business Process Management Based on a Systematic Tertiary Literature Review},
  pages   = {11164},
  journal = {Sustainability},
  volume  = {14},
  number  = {18},
  doi     = {10.3390/su141811164}
}


@unpublished{Fritsch24scope,
  author = {Fritsch, Andreas and Bauer, Lara and Dittrich, Fiona and Graf, Dominic and Schischke, Karsten and Teusch, Christoph},
  date   = {2023},
  title  = {Scope 3 Data in Electronics Supply Chains: How to Address Common Challenges and Pitfalls},
  year   = {2023}
}


@article{Georgakaki05transport,
  author  = {Georgakaki, Aliki and Coffey, Robert A. and Lock, Graham and Sorenson, Spencer C.},
  year    = {2005},
  title   = {Transport and Environment Database System (TRENDS): Maritime air pollutant emission modelling},
  pages   = {2357--2365},
  journal = {Atmospheric Environment},
  volume  = {39},
  number  = {13},
  doi     = {10.1016/j.atmosenv.2004.07.038}
}


@unpublished{Ghahfarokhi22python,
  author = {Ghahfarokhi, Anahita Farhang and van der Aalst, Wil M. P.},
  date   = {11.02.2022},
  title  = {A Python Tool for Object-Centric Process Mining Comparison},
  year   = {11.02.2022}
}


@book{GHG:Corporate04,
  title     = {The Greenhouse Gas Protocol: A Corporate Accounting and Reporting Standard},
  address   = {o.O.},
  publisher = {{World Resources Institute and World Business Council for Sustainable Development}},
  year      = {2004}
}


@book{GHG:ProductLifeCycle11,
  title     = {Product Life Cycle Accounting and Reporting Standard},
  address   = {Washington, DC},
  publisher = {{World Resources Institute [u.a.]}},
  year      = {2011}
}


@book{GHG:ValueChain11,
  title     = {Corporate Value Chain (Scope 3) Accounting and Reporting Standard: Supplement to the GHG Protocol Corporate Accounting and Reporting Standard},
  address   = {Washington, DC},
  publisher = {{World Resources Institute [u.a.]}},
  year      = {2011}
}


@book{GLEC3,
  title     = {Global Logistics Emissions Council Framework For Logistics Emissions Accounting and Reporting, V3.0},
  publisher = {{Smart Freight Center}},
  year      = {2023}
}


@inproceedings{Graves23rethink,
  author    = {Graves, Nina and Koren, István and van der Aalst, Wil M. P.},
  title     = {ReThink Your Processes! A Review of Process Mining for Sustainability},
  pages     = {164--175},
  year      = {2023},
  booktitle = {ICT4S},
  doi       = {10.1109/ICT4S58814.2023.00025},
  address   = {Rennes, France}
}


@inproceedings{Hagberg08networkx,
  author    = {Hagberg, Aric A. and Schult, Daniel A. and Swart, Pieter J.},
  title     = {Exploring Network Structure, Dynamics, and Function using NetworkX},
  pages     = {11--15},
  year      = {2008},
  booktitle = {SciPy},
  doi       = {10.25080/TCWV9851},
  address   = {Pasadena, CA, USA}
}


@incollection{Halaska21tdabc,
  author    = {Halaška, Michal and Šperka, Roman},
  title     = {TDABC and Estimation of Time Drivers Using Process Mining},
  pages     = {489--499},
  volume    = {241},
  publisher = {{Springer Singapore}},
  series    = {Smart Innovation, Systems and Technologies},
  booktitle = {Agents and Multi-Agent Systems: Technologies and Applications 2021},
  year      = {2021},
  address   = {Singapore},
  doi       = {10.1007/978-981-16-2994-5_41}
}


@article{Heidari23sustainable,
  author  = {Heidari, Isa and Eshlaghy, Abbas Toloie and {Seyyed Hoseini}, Seyyed Mohammad},
  year    = {2023},
  title   = {Sustainable transportation: Definitions, dimensions, and indicators - Case study of importance-performance analysis for the city of Tehran},
  pages   = {e20457},
  journal = {Heliyon},
  volume  = {9},
  number  = {10},
  doi     = {10.1016/j.heliyon.2023.e20457}
}


@www{hinge,
  year   = {2024},
  title  = {sOCEL 2.0: A Sustainability-Enriched OCEL of a Hinge Production Process},
  doi    = {10.5281/zenodo.13638680},
  author = {Heinisch, Marco and Graves, Nina}
}


@article{HorsthoferRauch24sustainability,
  author  = {Horsthofer-Rauch, Julia and Guesken, Sarah Ranjana and Weich, Jonas and Rauch, Alexander and Bittner, Maik and Schulz, Julia and Zaeh, Michael F.},
  year    = {2024},
  title   = {Sustainability-integrated value stream mapping with process mining},
  journal = {Production {\&} Manufacturing Research},
  volume  = {12},
  number  = {1},
  doi     = {10.1080/21693277.2024.2334294}
}


@inproceedings{Houy10towards,
  author    = {Houy, Constantin and Reiter, Markus and Fettke, Peter and Loos, Peter},
  title     = {Towards Green BPM – Sustainability and Resource Efficiency through Business Process Management},
  pages     = {501--510},
  year      = {2010},
  booktitle = {BPM Workshops},
  doi       = {10.1007/978-3-642-20511-8_46},
  address   = {Hoboken, NJ, USA}
}


@incollection{Houy12advancing,
  author    = {Houy, Constantin and Reiter, Markus and Fettke, Peter and Loos, Peter and Hoesch-Klohe, Konstantin and Ghose, Aditya},
  title     = {Advancing Business Process Technology for Humanity: Opportunities and Challenges of Green BPM for Sustainable Business Activities},
  pages     = {75--92},
  publisher = {Springer},
  booktitle = {Green Business Process Management},
  year      = {2012},
  address   = {Berlin, Heidelberg},
  doi       = {10.1007/978-3-642-27488-6_5}
}


@article{Hsieh20green,
  author  = {Hsieh, Chu-Lun and Tsai, Wen-Hsien and Chang, Yao-Chung},
  year    = {2020},
  title   = {Green Activity-Based Costing Production Decision Model for Recycled Paper},
  pages   = {2413},
  journal = {Energies},
  volume  = {13},
  number  = {10},
  doi     = {10.3390/en13102413}
}


@article{Huang09categorization,
  author  = {Huang, Y. Anny and Weber, Christopher L. and Matthews, H. Scott},
  year    = {2009},
  title   = {Categorization of Scope 3 emissions for streamlined enterprise carbon footprinting},
  pages   = {8509--8515},
  journal = {Environmental science {\&} technology},
  volume  = {43},
  number  = {22},
  doi     = {10.1021/es901643a}
}


@article{Jalali22object,
  author  = {Jalali, Amin},
  year    = {2022},
  title   = {Object Type Clustering Using Markov Directly-Follow Multigraph in Object-Centric Process Mining},
  pages   = {126569--126579},
  journal = {IEEE Access},
  volume  = {10},
  doi     = {10.1109/ACCESS.2022.3226573}
}


@article{Jevinger16consignment,
  author  = {Jevinger, Åse and Persson, Jan A.},
  year    = {2016},
  title   = {Consignment-level allocations of carbon emissions in road freight transport},
  pages   = {298--315},
  journal = {Transportation Research Part D: Transport and Environment},
  volume  = {48},
  doi     = {10.1016/j.trd.2016.08.001}
}


@inproceedings{Joas24towards,
  author    = {Joas, Adrian and Gierlich-Joas, Maren and Bahr, Charlotte and Bauer, Janina},
  title     = {Towards Leveraging Process Mining for Sustainability – An Analysis of Challenges and Potential Solutions},
  pages     = {354--371},
  year      = {2024},
  booktitle = {BPM Forum},
  doi       = {10.1007/978-3-031-70418-5_21},
  address   = {Krakow, Poland}
}


@article{Kaplan04time,
  author  = {Kaplan, Robert S. and Anderson, Steven R.},
  year    = {2004},
  title   = {Time-driven activity-based costing},
  pages   = {131-138+150},
  journal = {Harvard Business Review},
  volume  = {82},
  number  = {11}
}


@article{Kikuchi14activity,
  author  = {Kikuchi, Yasunori},
  year    = {2014},
  title   = {Activity and Data Models for Process Assessment Considering Sustainability},
  pages   = {211--223},
  journal = {KAGAKU KOGAKU RONBUNSHU},
  volume  = {40},
  number  = {3},
  doi     = {10.1252/kakoronbunshu.40.211}
}


@inproceedings{Leemans13discovering,
  author    = {Leemans, Sander J. J. and Fahland, Dirk and van der Aalst, Wil M. P.},
  title     = {Discovering Block-Structured Process Models from Event Logs - A Constructive Approach},
  pages     = {311--329},
  year      = {2013},
  booktitle = {PETRI NETS},
  doi       = {10.1007/978-3-642-38697-8_17},
  address   = {Milan, Italy}
}


@article{Leonardi04co2,
  author  = {Léonardi, Jacques and Baumgartner, Michael},
  year    = {2004},
  title   = {CO2 efficiency in road freight transportation: Status quo, measures and potential},
  pages   = {451--464},
  journal = {Transportation Research Part D: Transport and Environment},
  volume  = {9},
  number  = {6},
  doi     = {10.1016/j.trd.2004.08.004}
}


@article{Liao14proposition,
  author  = {Liao, Yong Xin and {Rocha Loures}, Eduardo and {Portela Santos}, Eduardo Alves and {Canciglieri Junior}, Osiris},
  year    = {2014},
  title   = {The Proposition of a Framework for Semantic Process Mining},
  pages   = {995--999},
  journal = {Advanced Materials Research},
  volume  = {1051},
  doi     = {10.4028/www.scientific.net/AMR.1051.995}
}


@inproceedings{Liss24totem,
  author    = {Liss, Lukas and Adams, Jan Niklas and van der Aalst, Wil M. P.},
  title     = {TOTeM: Temporal Object Type Model for Object-Centric Process Mining},
  pages     = {107--123},
  year      = {2024},
  booktitle = {BPM Forum},
  doi       = {10.1007/978-3-031-70418-5_7},
  address   = {Krakow, Poland}
}


@unpublished{Litman08sustainable,
  author = {Litman, Todd},
  date   = {2008},
  title  = {Sustainable Transportation Indicators: A Recommended Research Program For Developing Sustainable Transportation Indicators and Data},
  year   = {2008}
}


@article{LoyolaGonzalez23process,
  author  = {Loyola-González, Octavio},
  year    = {2023},
  title   = {Process mining: software comparison, trends, and challenges},
  pages   = {407--420},
  journal = {International Journal of Data Science and Analytics},
  volume  = {15},
  number  = {4},
  doi     = {10.1007/s41060-022-00379-0}
}


@inproceedings{McKinney10pandas,
  author    = {McKinney, Wes},
  title     = {Data Structures for Statistical Computing in Python},
  pages     = {56--61},
  year      = {2010},
  booktitle = {SciPy},
  doi       = {10.25080/Majora-92bf1922-00a},
  address   = {Austin, TX, USA}
}


@incollection{Nathanail18multistakeholders,
  author    = {Nathanail, Eftihia},
  title     = {A Multistakeholders Multicriteria Decision Support Platform for Assessing Urban Freight Transport Measures},
  pages     = {17--31},
  volume    = {36},
  publisher = {{Springer International Publishing}},
  series    = {Lecture Notes in Networks and Systems},
  booktitle = {Reliability and Statistics in Transportation and Communication},
  year      = {2018},
  address   = {Cham},
  doi       = {10.1007/978-3-319-74454-4_2}
}


@unpublished{OCEL1,
  author = {Ghahfarokhi, Anahita Farhang and Park, Gyunam and Berti, Alessandro and van der Aalst, Wil M. P.},
  date   = {2020},
  title  = {OCEL Standard},
  year   = {2020}
}


@unpublished{OCEL2,
  author = {Berti, Alessandro and Koren, István and Adams, Jan Niklas and Knopp, Benedikt and Rafiei, Majid and Graves, Nina and Park, Gyunam and Zhang, Yisong and {Tacke genannt Unterberg}, Leah and Peeva, Viki and Pegoraro, Marco and van der Aalst, Wil M. P.},
  date   = {2023},
  title  = {OCEL (Object-Centric Event Logs) 2.0 Specification},
  year   = {2023}
}


@www{orderManagement,
  year   = {2023},
  title  = {Order Management Object-centric Event Log in OCEL 2.0 Standard},
  doi    = {10.5281/zenodo.8428112},
  author = {Knopp, Benedikt and van der Aalst, Wil M. P.}
}


@article{Ortmeier21framework,
  author  = {Ortmeier, Christian and Henningsen, Nadja and Langer, Adrian and Reiswich, Alexander and Karl, Alexander and Herrmann, Christoph},
  year    = {2021},
  title   = {Framework for the integration of Process Mining into Life Cycle Assessment},
  pages   = {163--168},
  journal = {Procedia CIRP},
  volume  = {98},
  doi     = {10.1016/j.procir.2021.01.024}
}


@www{p2p,
  year   = {2023},
  title  = {Procure-To-Payment (P2P) Object-centric Event Log in OCEL 2.0 Standard},
  doi    = {10.5281/zenodo.8412920},
  author = {Park, Gyunam and {Tacke genannt Unterberg}, Leah}
}


@misc{pandas24,
  author = {{The pandas development team}},
  year   = {2024},
  title  = {pandas-dev/pandas: Pandas},
  url    = {https://doi.org/10.5281/zenodo.3509134},
  doi    = {10.5281/zenodo.3509134}
}


@inproceedings{Park22opera,
  author    = {Park, Gyunam and Adams, Jan Niklas and van der Aalst, Wil M. P.},
  title     = {OPerA: Object-Centric Performance Analysis},
  pages     = {281--292},
  year      = {2022},
  booktitle = {ER},
  doi       = {10.1007/978-3-031-17995-2_20},
  address   = {Hyderabad, India}
}


@article{PerezMartinez12energy,
  author  = {Pérez-Martínez, Pedro José},
  year    = {2012},
  title   = {ENERGY CONSUMPTION AND EMISSIONS FROM THE ROAD TRANSPORT IN SPAIN: A CONCEPTUAL APPROACH},
  pages   = {383--396},
  journal = {TRANSPORT},
  volume  = {27},
  number  = {4},
  doi     = {10.3846/16484142.2012.751051}
}


@article{Popova15artifact,
  author  = {Popova, Viara and Fahland, Dirk and Dumas, Marlon},
  year    = {2015},
  title   = {Artifact Lifecycle Discovery},
  pages   = {1550001},
  journal = {International Journal of Cooperative Information Systems},
  volume  = {24},
  number  = {01},
  doi     = {10.1142/S021884301550001X}
}


@misc{pydantic24,
  author = {Colvin, Samuel and Jolibois, Eric and Ramezani, Hasan and {Garcia Badaracco}, Adrian and Dorsey, Terrence and Montague, David and Matveenko, Serge and Trylesinski, Marcelo and Runkle, Sydney and Hewitt, David and Hall, Alex},
  year   = {2024},
  title  = {Pydantic},
  url    = {https://docs.pydantic.dev/latest/}
}


@inproceedings{Recker10measuring,
  author    = {Recker, Jan and Rosemann, Michael and Gohar, Ehsan Roohi},
  title     = {Measuring the Carbon Footprint of Business Processes},
  pages     = {511--520},
  year      = {2010},
  booktitle = {BPM Workshops},
  doi       = {10.1007/978-3-642-20511-8_47},
  address   = {Hoboken, NJ, USA}
}


@incollection{Recker12modeling,
  author    = {Recker, Jan and Rosemann, Michael and Hjalmarsson, Anders and Lind, Mikael},
  title     = {Modeling and Analyzing the Carbon Footprint of Business Processes},
  pages     = {93--109},
  publisher = {Springer},
  booktitle = {Green Business Process Management},
  year      = {2012},
  address   = {Berlin, Heidelberg},
  doi       = {10.1007/978-3-642-27488-6_6}
}


@inproceedings{Riesener21time,
  author    = {Riesener, Michael and Dolle, Christian and Menges, Alexander and Schuh, Günther},
  title     = {Time-driven Activity-based Costing Using Process Data Mining},
  pages     = {1--6},
  year      = {2021},
  booktitle = {TEMSCON-EUR},
  doi       = {10.1109/TEMSCON-EUR52034.2021.9488654},
  address   = {Dubrovnik, Croatia}
}


@article{Schaltegger12carbon,
  author  = {Schaltegger, Stefan and Csutora, Maria},
  year    = {2012},
  title   = {Carbon accounting for sustainability and management. Status quo and challenges},
  pages   = {1--16},
  journal = {Journal of Cleaner Production},
  volume  = {36},
  doi     = {10.1016/j.jclepro.2012.06.024}
}


@incollection{Schuh22methodology,
  author    = {Schuh, G. and Gützlaff, A. and Schmitz, S. and Kuhn, C. and Klapper, N.},
  title     = {A Methodology to Apply Process Mining in End-To-End Order Processing of Manufacturing Companies},
  pages     = {127--137},
  publisher = {{Springer Singapore}},
  series    = {Lecture Notes in Mechanical Engineering},
  booktitle = {Recent Advances in Manufacturing Engineering and Processes},
  year      = {2022},
  address   = {Singapore},
  doi       = {10.1007/978-981-16-3934-0_15}
}


@article{Schuster24defining,
  author  = {Schuster, Daniel and Zerbato, Francesca and {van Zelst}, Sebastiaan J. and van der Aalst, Wil M. P.},
  year    = {2024},
  title   = {Defining and visualizing process execution variants from partially ordered event data},
  pages   = {119958},
  journal = {Information Sciences},
  volume  = {657},
  doi     = {10.1016/j.ins.2023.119958}
}


@misc{scope3transparent24ubersicht,
  author       = {scope3transparent},
  year         = {2024},
  title        = {Übersicht zu Software-Werkzeugen für Scope3-Bilanzierungen},
  url          = {https://tools.scope3transparent.de/},
  organization = {{Fraunhofer IZM}},
  note         = {Accessed: Sep 2nd, 2024}
}


@article{Shirizadeh24climate,
  author  = {Shirizadeh, Behrang and Ailleret, Aurélien and Cartry, Clément and Douguet, Sébastien and Gehring, Torben and Maden, Sezin and Mais, Bjoern and Mross, Lennart and Theis, Julian and Cabot, Clément and Villavicencio, Manuel and Trüby, Johannes},
  year    = {2024},
  title   = {Climate neutrality in European heavy-duty road transport: How to decarbonise trucks and buses in less than 30 years?},
  pages   = {118438},
  journal = {Energy Conversion and Management},
  volume  = {309},
  doi     = {10.1016/j.enconman.2024.118438}
}


@unpublished{Sommers21process,
  author = {Sommers, Dominique and Menkovski, Vlado and Fahland, Dirk},
  date   = {2021},
  title  = {Process Discovery Using Graph Neural Networks},
  year   = {2021},
  note   = {accepted at IEEE International Conference on Process Mining (ICPM)  2021, submitted version}
}


@article{Sonnenberg14missing,
  author  = {Sonnenberg, Christian and {vom Brocke}, Jan},
  year    = {2014},
  title   = {The Missing Link between BPM and Accounting: Using Event Data for Accounting in Process-oriented Organizations},
  pages   = {213--246},
  journal = {Business Process Management Journal},
  volume  = {20},
  number  = {2},
  doi     = {10.1108/BPMJ-12-2012-0136}
}


@article{Spielmann05life,
  author  = {Spielmann, Michael and Scholz, Roland},
  year    = {2005},
  title   = {Life Cycle Inventories of Transport Services: Background Data for Freight Transport},
  pages   = {85--94},
  journal = {The International Journal of Life Cycle Assessment},
  volume  = {10},
  number  = {1},
  doi     = {10.1065/lca2004.10.181.10}
}


@article{Stadler18EXIOBASE,
  author  = {Stadler, Konstantin and Wood, Richard and Bulavskaya, Tatyana and Södersten, Carl‐Johan and Simas, Moana and Schmidt, Sarah and Usubiaga, Arkaitz and Acosta‐Fernández, José and Kuenen, Jeroen and Bruckner, Martin and Giljum, Stefan and Lutter, Stephan and Merciai, Stefano and Schmidt, Jannick H. and Theurl, Michaela C. and Plutzar, Christoph and Kastner, Thomas and Eisenmenger, Nina and Erb, Karl‐Heinz and de Koning, Arjan and Tukker, Arnold},
  year    = {2018},
  title   = {EXIOBASE 3: Developing a Time Series of Detailed Environmentally Extended Multi‐Regional Input‐Output Tables},
  pages   = {502--515},
  journal = {Journal of Industrial Ecology},
  volume  = {22},
  number  = {3},
  doi     = {10.1111/jiec.12715}
}


@article{Stechemesser12carbon,
  author  = {Stechemesser, Kristin and Guenther, Edeltraud},
  year    = {2012},
  title   = {Carbon accounting: a systematic literature review},
  pages   = {17--38},
  journal = {Journal of Cleaner Production},
  volume  = {36},
  doi     = {10.1016/j.jclepro.2012.02.021}
}


@article{Suriadi15event,
  author  = {Suriadi, Suriadi and Ouyang, Chun and van der Aalst, Wil M. P. and ter Hofstede, Arthur H. M.},
  year    = {2015},
  title   = {Event interval analysis: Why do processes take time?},
  pages   = {77--98},
  journal = {Decision Support Systems},
  volume  = {79},
  doi     = {10.1016/j.dss.2015.07.007}
}


@article{Timmer15WIOD,
  author  = {Timmer, Marcel P. and Dietzenbacher, Erik and Los, Bart and Stehrer, Robert and de Vries, Gaaitzen J.},
  year    = {2015},
  title   = {An Illustrated User Guide to the World Input–Output Database: the Case of Global Automotive Production},
  pages   = {575--605},
  journal = {Review of International Economics},
  volume  = {23},
  number  = {3},
  doi     = {10.1111/roie.12178}
}


@article{Tsai12integrating,
  author  = {Tsai, Wen-Hsien and Shen, Yu-Shan and Lee, Pei-Ling and Chen, Hui-Chiao and Kuo, Lopin and Huang, Chi-Chou},
  year    = {2012},
  title   = {Integrating information about the cost of carbon through activity-based costing},
  pages   = {102--111},
  journal = {Journal of Cleaner Production},
  volume  = {36},
  doi     = {10.1016/j.jclepro.2012.02.024}
}


@article{Tsai12mixed,
  author  = {Tsai, Wen-Hsien and Lee, Kuen-Chang and Liu, Jau-Yang and Lin, Hsiu-Ling and Chou, Yu-Wei and Lin, Sin-Jin},
  year    = {2012},
  title   = {A mixed activity-based costing decision model for green airline fleet planning under the constraints of the European Union Emissions Trading Scheme},
  pages   = {218--226},
  journal = {Energy},
  volume  = {39},
  number  = {1},
  doi     = {10.1016/j.energy.2012.01.027}
}


@article{Tsai14activity,
  author  = {Tsai, Wen-Hsien and Yang, Chih-Hao and Chang, Jui-Chu and Lee, Hsiu-Li},
  year    = {2014},
  title   = {An Activity-Based Costing decision model for life cycle assessment in green building projects},
  pages   = {607--619},
  journal = {European Journal of Operational Research},
  volume  = {238},
  number  = {2},
  doi     = {10.1016/j.ejor.2014.03.024}
}


@article{Tsai18carbon,
  author  = {Tsai, Wen-Hsien and Jhong, Shi-Yin},
  year    = {2018},
  title   = {Carbon Emissions Cost Analysis with Activity-Based Costing},
  pages   = {2872},
  journal = {Sustainability},
  volume  = {10},
  number  = {8},
  doi     = {10.3390/su10082872}
}


@article{Tsai24advancing,
  author  = {Tsai, Wen-Hsien and Chang, Shuo-Chieh and Li, Xiang-Yu},
  year    = {2024},
  title   = {Advancing Decarbonization Efforts in the Glass Manufacturing Industry through Mathematical Optimization and Management Accounting},
  pages   = {1078},
  journal = {Processes},
  volume  = {12},
  number  = {6},
  doi     = {10.3390/pr12061078}
}


@inproceedings{TypeScript,
  author    = {Bierman, Gavin and Abadi, Martín and Torgersen, Mads},
  title     = {Understanding TypeScript},
  pages     = {257--281},
  year      = {2014},
  booktitle = {ECOOP},
  doi       = {10.1007/978-3-662-44202-9_11},
  address   = {Uppsala, Sweden}
}


@misc{UKGovCF24,
  author       = {{Department for Energy Security {\&} Net Zero}},
  year         = {2024},
  title        = {Greenhouse Gas Reporting: Conversion Factors 2024},
  url          = {https://www.gov.uk/government/publications/greenhouse-gas-reporting-conversion-factors-2024},
  organization = {{UK Government}},
  note         = {Accessed: Sep 11th, 2024}
}


@book{vanderAalst16process,
  author    = {van der Aalst, Wil M. P.},
  title     = {Process mining: Data science in action},
  address   = {Berlin and Heidelberg and New York and Dordrecht and London},
  publisher = {Springer},
  year      = {2016},
  doi       = {10.1007/978-3-662-49851-4}
}


@inproceedings{vanderAalst19object,
  author    = {van der Aalst, Wil M. P.},
  title     = {Object-Centric Process Mining: Dealing with Divergence and Convergence in Event Data},
  pages     = {3--25},
  year      = {2019},
  booktitle = {SEFM},
  doi       = {10.1007/978-3-030-30446-1_1},
  address   = {Oslo, Norway}
}


@unpublished{vanderAalst20OCPNs,
  author = {van der Aalst, Wil M. P. and Berti, Alessandro},
  date   = {2020},
  title  = {Discovering Object-Centric Petri Nets},
  year   = {2020},
  doi    = {10.48550/arXiv.2010.02047},
  note   = {Preprint of a paper to be published in Fundamenta Informaticae}
}


@incollection{vanderAalst22PM360,
  author    = {van der Aalst, Wil M. P.},
  title     = {Process Mining: A 360 Degree Overview},
  pages     = {3--34},
  volume    = {448},
  publisher = {{Springer International Publishing}},
  series    = {Lecture Notes in Business Information Processing},
  booktitle = {Process Mining Handbook},
  year      = {2022},
  address   = {Cham},
  doi       = {10.1007/978-3-031-08848-3_1}
}


@inproceedings{vanderAalst23twin,
  author    = {van der Aalst, Wil M. P.},
  title     = {Twin Transitions Powered By Event Data: Using Object-Centric Process Mining To Make Processes Digital and Sustainable},
  year      = {2023},
  booktitle = {PN4TT},
  address   = {Caparica, Portugal}
}


@inproceedings{Wesumperuma11framework,
  author    = {Wesumperuma, Ashini and Ginige, Jeewani and Ginige, Athula and Hol, Ana},
  title     = {A framework for multi-dimensional business process optimization for GHG emission mitigation},
  year      = {2011},
  booktitle = {ACIS},
  address   = {Sydney, Australia}
}


@inproceedings{Wesumperuma13green,
  author    = {Wesumperuma, Ashini and Ginige, Athula and Ginige, Jeewani and Hol, Ana},
  title     = {Green Activity Based Management (ABM) for organisations},
  year      = {2013},
  booktitle = {ACIS},
  address   = {Melbourne, Australia}
}


@article{Wild21recommendations,
  author  = {Wild, Peter},
  year    = {2021},
  title   = {Recommendations for a future global CO2-calculation standard for transport and logistics},
  pages   = {103024},
  journal = {Transportation Research Part D: Transport and Environment},
  volume  = {100},
  doi     = {10.1016/j.trd.2021.103024}
}


@article{Wu24carbonkg,
  author  = {Wu, Tao and Li, Jie and Bao, Jinsong and Liu, Qiang and Jin, Zhengkai and Gao, Jun},
  year    = {2024},
  title   = {CarbonKG: Industrial Carbon Emission Knowledge Graph-Based Modeling and Application for Carbon Traceability of Complex Manufacturing Process},
  journal = {Journal of Computing and Information Science in Engineering},
  volume  = {24},
  number  = {8},
  doi     = {10.1115/1.4065166}
}


@article{Wynn3framework,
  author  = {Wynn, Moe Thandar and Low, Wei Zhe and ter Hofstede, Arthur H. M. and Nauta, Wiebe},
  year    = {2014},
  title   = {A framework for cost-aware process management: cost reporting and cost prediction},
  pages   = {406--430},
  journal = {Journal of Universal Computer Science},
  volume  = {20},
  number  = {3}
}


@inproceedings{Zimmermann22process,
  author    = {Zimmermann, Lisa and Zerbato, Francesca and Weber, Barbara},
  title     = {Process Mining Challenges Perceived by Analysts: An Interview Study},
  pages     = {3--17},
  year      = {2022},
  booktitle = {EMMSAD},
  doi       = {10.1007/978-3-031-07475-2_1},
  address   = {Leuven, Belgium}
}


@inproceedings{Ziolkowski22process,
  author    = {Ziolkowski, Tobias and Koschmider, Agnes and Schubert, René and Renz, Matthias},
  title     = {Process Mining for Time Series Data},
  year      = {2022},
  booktitle = {EMMSAD},
  address   = {Leuven, Belgium},
  note      = {06}
}


